@Article{ BlaKah:1980,
	author = {Olivier Jean Blanchard and Charles M Kahn},
	title = {The Solution of Linear Difference Models under Rational Expectations},
	journal = {Econometrica},
	year = {1980},
	volume = {48},
	number = {5},
	pages = {1305--11},
	month = {July}
}

@TechReport{ Uhl:1995,
	author = {H. Uhlig},
	title = {A toolkit for analyzing nonlinear dynamic stochastic models easily},
	year = {1995},
	month = {},
	institution = {Tilburg University, Center for Economic Research},
	type = {Discussion Paper},
	number = {97}
}

@Article{ Kle:2000,
	author = {Paul Klein},
	title = {Using the generalized Schur form to solve a multivariate linear rational expectations model},
	journal = {Journal of Economic Dynamics and Control},
	year = {2000},
	volume = {24},
	number = {10},
	pages = {1405--1423},
	month = {September}
}

@TechReport{ Jui:2001,
	author={Michel Juillard},
	title={DYNARE: A program for the simulation of rational expectation models},
	year={2001},
	month={Apr},
	institution={Society for Computational Economics},
	type={Computing in Economics and Finance 2001},
	number={213}
}

@Article{ KinWat:2002,
	author={King, Robert G and Watson, Mark W},
	title={System Reduction and Solution Algorithms for Singular Linear Difference Systems under Rational Expectations},
	journal={Computational Economics},
	year={2002},
	volume={20},
	number={1-2},
	pages={57-86},
	month={October}
}

@Article{ SchUri:2004,
	author = {Stephanie Schmitt-Grohe and Martin Uribe},
	title = {Solving dynamic general equilibrium models using a second-order approximation to the policy function},
	journal = {Journal of Economic Dynamics and Control},
	year = {2004},
	volume = {28},
	number = {4},
	pages = {755--775},
	month = {January}
}

@TechReport{ KimKimSchSim:2005,
	author={Henry Kim and Jinill Kim and Ernst Schaumburg and Christopher A. Sims},
	title={Calculating and Using Second Order Accurate Solutions of Discrete Time Dynamic Equilibrium Models},
	year={2005},
	month={} ,
	institution={Department of Economics, Tufts University},
	type={Discussion Papers Series, Department of Economics, Tufts University},
	number={0505}
}

@Article{ GomKle:2012,
	author={Gomme, Paul and Klein, Paul},
	title={Second-order approximation of dynamic models without the use of tensors},
	journal={Journal of Economic Dynamics and Control},
	year={2011},
	volume={35},
	number={4},
	pages={604-615},
	month={April}
}

@Article{ ChrEicEva:2005,
	AUTHOR = {Martin Eichenbaum, Lawrence J. Christiano, Charles L. Evans},
	TITLE = {Nominal Rigidities and the Dynamic Effects of a Shock to Monetary Policy},
	JOURNAL = {Journal of Political Economy},
	YEAR = {2005},
	VOLUME = {113},
	NUMBER = {1},
	PAGES = {1--45},
	MONTH = {February}
}
